@inproceedings{web_caching,
 author = {Qian, Feng and Quah, Kee Shen and Huang, Junxian and Erman, Jeffrey and Gerber, Alexandre and Mao, Zhuoqing and Sen, Subhabrata and Spatscheck, Oliver},
 title = {Web caching on smartphones: ideal vs. reality},
 booktitle = {Proceedings of the 10th international conference on Mobile systems, applications, and services},
 series = {MobiSys '12},
 year = {2012},
 isbn = {978-1-4503-1301-8},
 location = {Low Wood Bay, Lake District, UK},
 pages = {127--140},
 numpages = {14},
 url = {http://doi.acm.org/10.1145/2307636.2307649},
 doi = {10.1145/2307636.2307649},
 acmid = {2307649},
 publisher = {ACM},
 address = {New York, NY, USA},
 keywords = {cellular networks, http caching, redundancy elimination, redundant traffic, smartphone applications},
} 

@inproceedings{broder,
    author = {Andrei Z. Broder},
    title = {Some applications of Rabin's fingerprinting method},
    booktitle = {Sequences II: Methods in Communications, Security, and Computer Science},
    year = {1993},
    pages = {143--152},
    publisher = {Springer-Verlag},
}

@inproceedings{manber,
 author = {Manber, Udi},
 title = {Finding similar files in a large file system},
 booktitle = {Proceedings of the USENIX Winter 1994 Technical Conference on USENIX Winter 1994 Technical Conference},
 series = {WTEC'94},
 year = {1994},
 location = {San Francisco, California},
 pages = {2--2},
 numpages = {1},
 url = {http://dl.acm.org/citation.cfm?id=1267074.1267076},
 acmid = {1267076},
 publisher = {USENIX Association},
 address = {Berkeley, CA, USA},
} 

@inproceedings{lbfs,
 author = {Muthitacharoen, Athicha and Chen, Benjie and Mazi\`{e}res, David},
 title = {A low-bandwidth network file system},
 booktitle = {Proceedings of the eighteenth ACM symposium on Operating systems principles},
 series = {SOSP '01},
 year = {2001},
 isbn = {1-58113-389-8},
 location = {Banff, Alberta, Canada},
 pages = {174--187},
 numpages = {14},
 url = {http://doi.acm.org/10.1145/502034.502052},
 doi = {10.1145/502034.502052},
 acmid = {502052},
 publisher = {ACM},
 address = {New York, NY, USA},
} 

@inproceedings{modern_web_traffic,
 author = {Ihm, Sunghwan and Pai, Vivek S.},
 title = {Towards understanding modern web traffic},
 booktitle = {Proceedings of the ACM SIGMETRICS joint international conference on Measurement and modeling of computer systems},
 series = {SIGMETRICS '11},
 year = {2011},
 isbn = {978-1-4503-0814-4},
 location = {San Jose, California, USA},
 pages = {143--144},
 numpages = {2},
 url = {http://doi.acm.org/10.1145/1993744.1993797},
 doi = {10.1145/1993744.1993797},
 acmid = {1993797},
 publisher = {ACM},
 address = {New York, NY, USA},
 keywords = {web caching, web traffic analysis},
} 

@inproceedings{wanax,
 author = {Ihm, Sunghwan and Park, KyoungSoo and Pai, Vivek S.},
 title = {Wide-area network acceleration for the developing world},
 booktitle = {Proceedings of the 2010 USENIX conference on USENIX annual technical conference},
 series = {USENIXATC'10},
 year = {2010},
 location = {Boston, MA},
 pages = {18--18},
 numpages = {1},
 url = {http://dl.acm.org/citation.cfm?id=1855840.1855858},
 acmid = {1855858},
 publisher = {USENIX Association},
 address = {Berkeley, CA, USA},
} 

@inproceedings{delta,
 author = {Shilane, Philip and Huang, Mark and Wallace, Grant and Hsu, Windsor},
 title = {WAN optimized replication of backup datasets using stream-informed delta compression},
 booktitle = {Proceedings of the 10th USENIX conference on File and Storage Technologies},
 series = {FAST'12},
 year = {2012},
 location = {San Jose, CA},
 pages = {5--5},
 numpages = {1},
 url = {http://dl.acm.org/citation.cfm?id=2208461.2208466},
 acmid = {2208466},
 publisher = {USENIX Association},
 address = {Berkeley, CA, USA},
}

@misc{rabinhash,
author={{S}ean {O}wen},
title = {{R}abin {H}ash {F}unction},
howpublished = {\\ \url{http://sourceforge.net/projects/rabinhash}},
}

@misc{rabin_api,
author={{S}ean {O}wen},
title = {Package com.planetj.math.rabinhash},
howpublished = {\\ \url{http://rabinhash.sourceforge.net}},
}

@techreport{rabin,
    author = {Rabin, Michael O.},
    citeulike-article-id = {8862291},
    howpublished = {TR-CSE-03-01},
    institution = {Center for Research in Computing Technology, Harvard University.},
    keywords = {hashing, implementation},
    posted-at = {2011-02-21 17:53:21},
    priority = {2},
    title = {{Fingerprinting by Random Polynomials.}},
    year = {1981}
}

@inproceedings{spring,
 author = {Spring, Neil T. and Wetherall, David},
 title = {A protocol-independent technique for eliminating redundant network traffic},
 booktitle = {Proceedings of the conference on Applications, Technologies, Architectures, and Protocols for Computer Communication},
 series = {SIGCOMM '00},
 year = {2000},
 isbn = {1-58113-223-9},
 location = {Stockholm, Sweden},
 pages = {87--95},
 numpages = {9},
 url = {http://doi.acm.org/10.1145/347059.347408},
 doi = {10.1145/347059.347408},
 acmid = {347408},
 publisher = {ACM},
 address = {New York, NY, USA},
} 
